@article{self,
    title={Partial Order Resolution of Event Logs for Process Conformance Checking},
    author={van der Aa, Han and Leopold, Henrik and Weidlich, Matthias},
    year={2019}
}

@inproceedings{lu2014conformance,
  title={Conformance checking in healthcare based on partially ordered event data},
  author={Lu, Xixi and Mans, Ronny S and Fahland, Dirk and van der Aalst, Wil MP},
  booktitle={Proceedings of the 2014 IEEE Emerging Technology and Factory Automation (ETFA)},
  pages={1--8},
  year={2014},
  organization={IEEE}
}

@inproceedings{de2018aligning,
  title={Aligning partially-ordered process-execution traces and models using automated planning},
  author={de Leoni, Massimiliano and Lanciano, Giacomo and Marrella, Andrea},
  booktitle={Twenty-Eighth International Conference on Automated Planning and Scheduling},
  year={2018}
}

@inproceedings{lu2014conformanceShort,
  title={Conformance checking based on partially ordered event data},
  author={Lu, Xixi and Fahland, Dirk and van der Aalst, Wil MP},
  booktitle={International conference on business process management},
  pages={75--88},
  year={2014},
  organization={Springer}
}

@inproceedings{tax2017predictive,
  title={Predictive business process monitoring with LSTM neural networks},
  author={Tax, Niek and Verenich, Ilya and La Rosa, Marcello and Dumas, Marlon},
  booktitle={International Conference on Advanced Information Systems Engineering},
  pages={477--492},
  year={2017},
  organization={Springer}
}

