//papers

@article{self,
    title={Partial Order Resolution of Event Logs for Process Conformance Checking},
    author={van der Aa, Han and Leopold, Henrik and Weidlich, Matthias},
    year={2019}
}

@inproceedings{lu2014conformance,
  title={Conformance checking in healthcare based on partially ordered event data},
  author={Lu, Xixi and Mans, Ronny S and Fahland, Dirk and van der Aalst, Wil MP},
  booktitle={Proceedings of the 2014 IEEE Emerging Technology and Factory Automation (ETFA)},
  pages={1--8},
  year={2014},
  organization={IEEE}
}

@inproceedings{de2018aligning,
  title={Aligning partially-ordered process-execution traces and models using automated planning},
  author={de Leoni, Massimiliano and Lanciano, Giacomo and Marrella, Andrea},
  booktitle={Twenty-Eighth International Conference on Automated Planning and Scheduling},
  year={2018}
}

@inproceedings{lu2014conformanceShort,
  title={Conformance checking based on partially ordered event data},
  author={Lu, Xixi and Fahland, Dirk and van der Aalst, Wil MP},
  booktitle={International conference on business process management},
  pages={75--88},
  year={2014},
  organization={Springer}
}

@inproceedings{tax2017predictive,
  title={Predictive business process monitoring with LSTM neural networks},
  author={Tax, Niek and Verenich, Ilya and La Rosa, Marcello and Dumas, Marlon},
  booktitle={International Conference on Advanced Information Systems Engineering},
  pages={477--492},
  year={2017},
  organization={Springer}
}

@inproceedings{bose2013wanna,
  title={Wanna improve process mining results?},
  author={Bose, RP Jagadeesh Chandra and Mans, Ronny S and van der Aalst, Wil MP},
  booktitle={2013 IEEE symposium on computational intelligence and data mining (CIDM)},
  pages={127--134},
  year={2013},
  organization={IEEE}
}

@incollection{beschastnikh2011mining,
	title={Mining temporal invariants from partially ordered logs},
	author={Beschastnikh, Ivan and Brun, Yuriy and Ernst, Michael D and Krishnamurthy, Arvind and Anderson, Thomas E},
	booktitle={Managing Large-scale Systems via the Analysis of System Logs and the Application of Machine Learning Techniques},
	pages={1--10},
	year={2011}
}

@inproceedings{accorsi2012exploitation,
	title={On the exploitation of process mining for security audits: the conformance checking case},
	author={Accorsi, Rafael and Stocker, Thomas},
	booktitle={Proceedings of the 27th Annual ACM Symposium on Applied Computing},
	pages={1709--1716},
	year={2012}
}

@inproceedings{adriansyah2011conformance,
	title={Conformance checking using cost-based fitness analysis},
	author={Adriansyah, Arya and van Dongen, Boudewijn F and van der Aalst, Wil MP},
	booktitle={2011 IEEE 15th International Enterprise Distributed Object Computing Conference},
	pages={55--64},
	year={2011},
	organization={IEEE}
}

@article{van2012replaying,
	title={Replaying history on process models for conformance checking and performance analysis},
	author={Van der Aalst, Wil and Adriansyah, Arya and van Dongen, Boudewijn},
	journal={Wiley Interdisciplinary Reviews: Data Mining and Knowledge Discovery},
	volume={2},
	number={2},
	pages={182--192},
	year={2012},
	publisher={Wiley Online Library}
}

@inproceedings{mutschler2013reliable,
	title={Reliable speculative processing of out-of-order event streams in generic publish/subscribe middlewares},
	author={Mutschler, Christopher and Philippsen, Michael},
	booktitle={Proceedings of the 7th ACM international conference on Distributed event-based systems},
	pages={147--158},
	year={2013}
}
	
@inproceedings{senderovich2016road,
	title={The ROAD from sensor data to process instances via interaction mining},
	author={Senderovich, Arik and Rogge-Solti, Andreas and Gal, Avigdor and Mendling, Jan and Mandelbaum, Avishai},
	booktitle={International Conference on Advanced Information Systems Engineering},
	pages={257--273},
	year={2016},
	organization={Springer}
}

@article{koskinen2008borderpatrol,
	title={Borderpatrol: isolating events for black-box tracing},
	author={Koskinen, Eric and Jannotti, John},
	journal={ACM SIGOPS Operating Systems Review},
	volume={42},
	number={4},
	pages={191--203},
	year={2008},
	publisher={ACM New York, NY, USA}
}

	
@inproceedings{tran2009probabilistic,
title={Probabilistic inference over RFID streams in mobile environments},
author={Tran, Thanh and Sutton, Charles and Cocci, Richard and Nie, Yanming and Diao, Yanlei and Shenoy, Prashant},
booktitle={2009 IEEE 25th International Conference on Data Engineering},
pages={1096--1107},
year={2009},
organization={IEEE}
}


@inproceedings{dixit2018detection,
	title={Detection and interactive repair of event ordering imperfection in process logs},
	author={Dixit, Prabhakar M and Suriadi, Suriadi and Andrews, Robert and Wynn, Moe T and ter Hofstede, Arthur HM and Buijs, Joos CAM and van der Aalst, Wil MP},
	booktitle={International Conference on Advanced Information Systems Engineering},
	pages={274--290},
	year={2018},
	organization={Springer}
}

@inproceedings{van2011process,
	title={Process mining manifesto},
	author={Van Der Aalst, Wil and Adriansyah, Arya and De Medeiros, Ana Karla Alves and Arcieri, Franco and Baier, Thomas and Blickle, Tobias and Bose, Jagadeesh Chandra and Van Den Brand, Peter and Brandtjen, Ronald and Buijs, Joos and others},
	booktitle={International Conference on Business Process Management},
	pages={169--194},
	year={2011},
	organization={Springer}
}

@inproceedings{gschwandtner2012taxonomy,
	title={A taxonomy of dirty time-oriented data},
	author={Gschwandtner, Theresia and G{\"a}rtner, Johannes and Aigner, Wolfgang and Miksch, Silvia},
	booktitle={International Conference on Availability, Reliability, and Security},
	pages={58--72},
	year={2012},
	organization={Springer}
}

@article{suriadi2017event,
	title={Event log imperfection patterns for process mining: Towards a systematic approach to cleaning event logs},
	author={Suriadi, Suriadi and Andrews, Robert and ter Hofstede, Arthur HM and Wynn, Moe Thandar},
	journal={Information Systems},
	volume={64},
	pages={132--150},
	year={2017},
	publisher={Elsevier}
}

@incollection{mans2012process,
	title={Process mining in healthcare: Data challenges when answering frequently posed questions},
	author={Mans, Ronny S and van der Aalst, Wil MP and Vanwersch, Rob JB and Moleman, Arnold J},
	booktitle={Process Support and Knowledge Representation in Health Care},
	pages={140--153},
	year={2012},
	publisher={Springer}
}

@incollection{mans2015data,
	title={Data quality issues},
	author={Mans, Ronny S and van der Aalst, Wil MP and Vanwersch, Rob JB},
	booktitle={Process Mining in Healthcare},
	pages={79--88},
	year={2015},
	publisher={Springer}
}

@inproceedings{domingos1998occam,
	title={Occam's two razors: the sharp and the blunt},
	author={Domingos, Pedro},
	booktitle={KDD},
	pages={37--43},
	year={1998}
}

@article{lapuschkin2019unmasking,
	title={Unmasking clever hans predictors and assessing what machines really learn},
	author={Lapuschkin, Sebastian and W{\"a}ldchen, Stephan and Binder, Alexander and Montavon, Gr{\'e}goire and Samek, Wojciech and M{\"u}ller, Klaus-Robert},
	journal={Nature communications},
	volume={10},
	number={1},
	pages={1--8},
	year={2019},
	publisher={Nature Publishing Group}
}


@article{sutskever2014sequence,
	title={Sequence to sequence learning with neural networks},
	author={Sutskever, Ilya and Vinyals, Oriol and Le, Quoc V},
	journal={Advances in neural information processing systems},
	volume={27},
	pages={3104--3112},
	year={2014}
}


//books

@misc{AalstWilvander2016Pm:d,
	abstract = {The first to cover this missing link between data mining and process modeling, this book provides real-world techniques for monitoring and analyzing processes in real time. It is a powerful new tool destined to play a key role in business process management},
	booktitle = {Process mining : data science in action},
	isbn = {9783662498514},
	year = {2016},
	title = {Process mining : data science in action / by Wil van der Aalst},
	edition = {Second edition},
	language = {eng},
	address = {Berlin ; Heidelberg},
	author = {Aalst, Wil van der},
	keywords = {Datenverarbeitung},
}

@book{carmona2018conformance,
	title={Conformance Checking},
	author={Carmona, Josep and van Dongen, Boudewijn and Solti, Andreas and Weidlich, Matthias},
	year={2018},
	publisher={Springer}
}

@book{Goodfellow-et-al-2016,
	title={Deep Learning},
	author={Ian Goodfellow and Yoshua Bengio and Aaron Courville},
	publisher={MIT Press},
	note={\url{http://www.deeplearningbook.org}},
	year={2016}
}

@book{geron2019hands,
	title={Hands-on machine learning with Scikit-Learn, Keras, and TensorFlow: Concepts, tools, and techniques to build intelligent systems},
	author={G{\'e}ron, Aur{\'e}lien},
	year={2019},
	publisher={O'Reilly Media}
}

@inproceedings{de2018act2vec,
	title={act2vec, trace2vec, log2vec, and model2vec: Representation Learning for Business Processes},
	author={De Koninck, Pieter and vanden Broucke, Seppe and De Weerdt, Jochen},
	booktitle={International Conference on Business Process Management},
	pages={305--321},
	year={2018},
	organization={Springer}
}


@inproceedings{peeperkorn2020conformance,
	title={Conformance checking using activity and trace embeddings},
	author={Peeperkorn, Jari and vanden Broucke, Seppe and De Weerdt, Jochen},
	booktitle={International Conference on Business Process Management},
	pages={105--121},
	year={2020},
	organization={Springer}
}
